@Book{Brown2014,
  author    = {Stephen Brown and Zvonko G. Vranesic},
  publisher = {McGraw-Hill},
  title     = {Fundamentals of digital logic with Verilog design},
  year      = {2014},
  address   = {New York, NY},
  edition   = {3. ed.},
  isbn      = {9780073380544},
  pagetotal = {XVI, 847},
  ppn_gvk   = {735508011},
}

@Book{Mano2019,
  author    = {Moshe Morris Mano},
  editor    = {Michael D. Ciletti},
  publisher = {Pearson Education Limited},
  title     = {Digital design},
  year      = {2019},
  address   = {Harlow, UK},
  edition   = {Sixth edition, global edition},
  isbn      = {9781292231167},
  pagetotal = {710 Seiten},
  ppn_gvk   = {1040272517},
  subtitle  = {With an introduction to the Verilog HDL, VHDL, and SystemVerilog},
}

@Comment{jabref-meta: databaseType:bibtex;}
